% This file was created with JabRef 2.7.2.
% Encoding: GBK

@article{Pretti,
  author={Marco Pretti},
  title={A message-passing algorithm with damping},
  journal={Journal of Statistical Mechanics: Theory and Experiment},
  volume={2005},
  number={11},
  pages={P11008},
  url={http://stacks.iop.org/1742-5468/2005/i=11/a=P11008},
  year={2005},
  abstract={We propose a modified belief propagation algorithm, with over-relaxed dynamics. Such an algorithm turns out to be generally more stable and faster than ordinary belief propagation. We characterize the performance of the algorithm, employed as a tool for combinatorial optimization, on the random satisfiability problem. Moreover, we trace a connection with a recently proposed double-loop algorithm for minimizing Bethe and Kikuchi free energies.}
}

@INPROCEEDINGS{Mooij05,
AUTHOR = "Joris Mooij and Hilbert Kappen",
TITLE = "Sufficient conditions for convergence of Loopy Belief Propagation",
BOOKTITLE = "Proceedings of the Twenty-First Conference Annual Conference on Uncertainty in Artificial Intelligence (UAI-05)",
PUBLISHER = "AUAI Press",
ADDRESS = "Arlington, Virginia",
YEAR = "2005",
PAGES = "396--403"
}

@ARTICLE{Aho1979,
  author = {A.V. Aho and J.D. Ullman},
  title = {Optimal Partial Match Retrieval When Fields Are Independently Specified},
  journal = {ACM TODS},
  year = {1979},
  volume = {4},
  pages = {168-179},
  number = {2},
  month = jun,
  keywords = {seckey mah}
}

@ARTICLE{Thomas1995,
  author = {Thomas G. Dietterich.et.al},
  title = {Solving Multiclass Learning Problem via Error-Correcting Output Codes},
  journal = {Journal of Artifical Intelligence Research},
  year = {1995}
}

@INPROCEEDINGS{And04efficientbelief,
  author = {Pedro Felzenszwalb And and Pedro F. Felzenszwalb and Daniel P. Huttenlocher},
  title = {Efficient Belief Propagation for Early Vision},
  booktitle = {In CVPR},
  year = {2004},
  pages = {261--268},
  owner = {Gavin},
  timestamp = {2012.10.11}
}

@ARTICLE{Felzenszwalb:2006:EBP:1138215.1138220,
  author = {Felzenszwalb, Pedro F. and Huttenlocher, Daniel P.},
  title = {Efficient Belief Propagation for Early Vision},
  journal = {Int. J. Comput. Vision},
  year = {2006},
  volume = {70},
  pages = {41--54},
  number = {1},
  month = oct,
  acmid = {1138220},
  address = {Hingham, MA, USA},
  doi = {10.1007/s11263-006-7899-4},
  issn = {0920-5691},
  issue_date = {October 2006},
  keywords = {Markov random fields, belief propagation, efficient algorithms, image
	restoration, stereo},
  numpages = {14},
  publisher = {Kluwer Academic Publishers},
  url = {http://dx.doi.org/10.1007/s11263-006-7899-4}
}

@INPROCEEDINGS{Kang:2009:PPG:1674659.1677058,
  author = {Kang, U. and Tsourakakis, Charalampos E. and Faloutsos, Christos},
  title = {PEGASUS: A Peta-Scale Graph Mining System Implementation and Observations},
  booktitle = {Proceedings of the 2009 Ninth IEEE International Conference on Data
	Mining},
  year = {2009},
  series = {ICDM '09},
  pages = {229--238},
  address = {Washington, DC, USA},
  publisher = {IEEE Computer Society},
  acmid = {1677058},
  doi = {10.1109/ICDM.2009.14},
  isbn = {978-0-7695-3895-2},
  keywords = {PEGASUS, graph mining, hadoop},
  numpages = {10},
  url = {http://dx.doi.org/10.1109/ICDM.2009.14}
}

@ARTICLE{UKang2010KDD,
  author = {U Kang.et.al},
  title = {Inference of Beliefs on Billion-Scale Graphs},
  journal = {Large-scale Data Mining: Theory and Applications 2010, in conjunction
	with KDD 2010},
  year = {2010}
}

@INPROCEEDINGS{KoutraKKCPF11,
  author = {Danai Koutra and Tai-You Ke and U. Kang and Duen Horng Chau and Hsing-Kuo
	Kenneth Pao and Christos Faloutsos},
  title = {Unifying Guilt-by-Association Approaches: Theorems and Fast Algorithms},
  booktitle = {ECML/PKDD (2)},
  year = {2011},
  pages = {245-260},
  bibsource = {DBLP, http://dblp.uni-trier.de},
  ee = {http://dx.doi.org/10.1007/978-3-642-23783-6_16},
  owner = {Gavin},
  timestamp = {2012.10.11}
}

@INPROCEEDINGS{koutra2011unifying,
  author = {Koutra, Danai and Ke, Tai-You and Kang, U and Chau, Duen Horng Polo
	and Pao, Hsing-Kuo Kenneth and Faloutsos, Christos},
  title = {Unifying Guilt-by-Association Approaches: Theorems and Fast Algorithms},
  booktitle = {Proceedings of the ECML/PKDD 2011},
  year = {2011},
  added-at = {2011-09-03T13:18:16.000+0200},
  biburl = {http://www.bibsonomy.org/bibtex/2bb555270e55cc3b5095d7a1405b0f926/ecml_pkdd_2011},
  interhash = {7528e1726953798dd2d6b82488c03b71},
  intrahash = {bb555270e55cc3b5095d7a1405b0f926},
  keywords = {2011 algorithms approaches clustering ecml_pkdd_2011 graph guiltbyassociation
	mining spectral theorems unifying},
  timestamp = {2011-09-03T13:18:16.000+0200}
}

@ARTICLE{Kschischang1998,
  author = {Frank R. Kschischang and Brendan J. Frey and Hans-Andrea Loeliger},
  title = {Factor Graphs and the Sum-Product Algorithm},
  journal = {IEEE TRANSACTIONS ON INFORMATION THEORY},
  year = {1998},
  volume = {47},
  pages = {498--519}
}

@ARTICLE{Kschischang98factorgraphs,
  author = {Frank R. Kschischang and Brendan J. Frey and Hans-Andrea Loeliger},
  title = {Factor Graphs and the Sum-Product Algorithm},
  journal = {IEEE TRANSACTIONS ON INFORMATION THEORY},
  year = {1998},
  volume = {47},
  pages = {498--519}
}

@ARTICLE{Erin2000,
  author = {Erin L.Allwein.et.al},
  title = {Reducing Multiclass to Binary : A Unifying Approach for Margin Classiﬁers},
  journal = {Journal of Machine Learning Research},
  year = {2000}
}

@INPROCEEDINGS{Malewicz2010:PSL:1807167.1807184,
  author = {Malewicz, Grzegorz and Austern, Matthew H. and Bik, Aart J.C and
	Dehnert, James C. and Horn, Ilan and Leiser, Naty and Czajkowski,
	Grzegorz},
  title = {Pregel: a system for large-scale graph processing},
  booktitle = {Proceedings of the 2010 ACM SIGMOD International Conference on Management
	of data},
  year = {2010},
  series = {SIGMOD '10},
  pages = {135--146},
  address = {New York, NY, USA},
  publisher = {ACM},
  acmid = {1807184},
  doi = {10.1145/1807167.1807184},
  isbn = {978-1-4503-0032-2},
  keywords = {distributed computing, graph algorigthms},
  location = {Indianapolis, Indiana, USA},
  numpages = {12},
  url = {http://doi.acm.org/10.1145/1807167.1807184}
}

@ARTICLE{Malioutov2006,
  author = {Malioutov, Dmitry M. and Johnson, Jason K. and Willsky, Alan S.},
  title = {Walk-Sums and Belief Propagation in Gaussian Graphical Models},
  journal = {J. Mach. Learn. Res.},
  year = {2006},
  volume = {7},
  pages = {2031--2064},
  month = dec,
  acmid = {1248620},
  issn = {1532-4435},
  issue_date = {12/1/2006},
  numpages = {34},
  owner = {Gavin},
  publisher = {JMLR.org},
  timestamp = {2012.10.11},
  url = {http://dl.acm.org/citation.cfm?id=1248547.1248620}
}

@INPROCEEDINGS{Platt00largemargin,
  author = {John C. Platt and Nello Cristianini and John Shawe-taylor},
  title = {Large margin dags for multiclass classification},
  booktitle = {Advances in Neural Information Processing Systems 12},
  year = {2000},
  pages = {547--553},
  owner = {Gavin},
  timestamp = {2012.10.11}
}

@ARTICLE{Platt2000,
  author = {J.C. Platt.et.al},
  title = {Large margin DAGs for multiclass classication.},
  journal = {Advances in Neural Information Processing Systems},
  year = {2000}
}

@ARTICLE{Ryan2000,
  author = {Ryan Rifkin.et.al},
  title = {In Defense of One-Vs-All Classification},
  journal = {Journal of Machine Learning Research},
  year = {2004}
}

@ARTICLE{Aho79Optimal,
  author = {A.V. Ahoand J.D. Ullman},
  title = {Optimal Partial Match Retrieval When Fields Are Independently Specified},
  journal = {ACM TODS},
  year = {1979},
  volume = {4},
  pages = {168-179},
  number = {2},
  month = jun,
  keywords = {seckey mah}
}

@ARTICLE{Valiant:1990:BMP:79173.79181,
  author = {Valiant, Leslie G.},
  title = {A bridging model for parallel computation},
  journal = {Commun. ACM},
  year = {1990},
  volume = {33},
  pages = {103--111},
  number = {8},
  month = aug,
  acmid = {79181},
  address = {New York, NY, USA},
  doi = {10.1145/79173.79181},
  issn = {0001-0782},
  issue_date = {Aug. 1990},
  numpages = {9},
  publisher = {ACM},
  url = {http://doi.acm.org/10.1145/79173.79181}
}

@INCOLLECTION{Yedidia:2003:UBP,
  author = {Yedidia, Jonathan S. and Freeman, William T. and Weiss, Yair},
  title = {Exploring artificial intelligence in the new millennium},
  publisher = {Morgan Kaufmann Publishers Inc.},
  year = {2003},
  editor = {Lakemeyer, Gerhard and Nebel, Bernhard},
  chapter = {Understanding belief propagation and its generalizations},
  pages = {239--269},
  address = {San Francisco, CA, USA},
  acmid = {779352},
  isbn = {1-55860-811-7},
  numpages = {31},
  url = {http://dl.acm.org/citation.cfm?id=779343.779352}
}

@ARTICLE{Yedidia05constructingfree,
  author = {Jonathan S. Yedidia and William T. Freeman and Yair Weiss},
  title = {Constructing Free Energy Approximations and Generalized Belief Propagation
	Algorithms},
  journal = {IEEE Transactions on Information Theory},
  year = {2005},
  volume = {51},
  pages = {2282--2312}
}

@ARTICLE{Yedidia2005,
  author = {Jonathan S. Yedidia and William T. Freeman and Yair Weiss},
  title = {Constructing Free Energy Approximations and Generalized Belief Propagation
	Algorithms},
  journal = {IEEE Transactions on Information Theory},
  year = {2005},
  volume = {51},
  pages = {2282--2312}
}

@ARTICLE{Malioutov06walk-sumsand,
      author = {Dmitry M. Malioutov and Jason K. Johnson and Alan S. Willsky},
      journal = {Journal of Machine Learning Research},
      pages = {2031--2064},
      title = {Walk-Sums and Belief Propagation in Gaussian Graphical Models},
      volume = {7},
      year = {2006}
}

